@online{dstar-lite-wikipedia,
  author    = {Wikipedia contributors},
  title     = {D* Lite --- Wikipedia, The Free Encyclopedia},
  year      = {2025},
  url       = {https://en.wikipedia.org/wiki/D*_Lite},
  note      = {Consultado el 27 de mayo de 2025}
}

@online{trilateration-wikipedia,
  author    = {Wikipedia contributors},
  title     = {Trilateration --- Wikipedia, The Free Encyclopedia},
  year      = {2025},
  url       = {https://en.wikipedia.org/wiki/Trilateration},
  note      = {Consultado el 27 de mayo de 2025}
}